@book{DataMiningConceptsAndTechniques,
    author    = "Jiawei Han, Micheline Kamber, Jian Pei",
    title     = "Data Mining - Concepts and Techniques",
    publisher = "MK - Morgan Kaufmann",
    edition  = "Third Edition",
    year      = "2012",
}

@book{DataWarehouseAAG,
 	author    = "Kiumars Farkisch",
    title     = " Data-Warehouse-Systeme kompakt: Aufbau, Architektur, Grundfunktionen",
    publisher = "Springer DE",
    year      = "2011",
}

