@book{theLisbonTreaty,
	Author = {Europa Insitute, Leiden University, Law Faculty},
	Year = {2015},
	Date-Modified = {March 19, 2008},
	Title = {The Lisbon Treaty},
	Url = {http://media.leidenuniv.nl/legacy/lisbon-treaty-summaries.pdf},
	note={\url{http://media.leidenuniv.nl/legacy/lisbon-treaty-summaries.pdf}}
}