@book{theLisbonTreaty,
	Author = {Europa Insitute, Leiden University, Law Faculty},
	Year = {2015},
	Date-Modified = {March 19, 2008},
	Title = {The Lisbon Treaty},
	Url = {http://media.leidenuniv.nl/legacy/lisbon-treaty-summaries.pdf},
	note={\url{http://media.leidenuniv.nl/legacy/lisbon-treaty-summaries.pdf}}
}

@book{euInstitutions,
	Author = {European Union},
	Year = {2015},
	Date-Modified = {November 3, 2015},
	Title = {EU institutions and other bodies},
	Url = {http://europa.eu/about-eu/institutions-bodies/index_en.htm},
	note={\url{http://europa.eu/about-eu/institutions-bodies/index_en.htm}}
}

@book{ordinaryLegislativeProcedure,
	Author = {European Council and Council of the European Union},
	Date-Modified = {November 3, 2015},
	Year = {2015},
	Title = {Ordinary legislative procedure},
	Url = {http://www.consilium.europa.eu/en/council-eu/decision-making/ordinary-legislative-procedure/legislative-proposal/},
	note={\url{http://www.consilium.europa.eu/en/council-eu/decision-making/ordinary-legislative-procedure/legislative-proposal/}}
}

@book{decisionMakingProcedures,
	Author = {EU Monitor (ANP)},
	Year = {2015},
	Date-Modified = {November 3, 2015},
	Title = {Decision-making procedures in the European Union},
	Url = {https://www.eumonitor.eu/9353000/1/j9vvik7m1c3gyxp/vg9tssega1vj#p1},
	note={\url{https://www.eumonitor.eu/9353000/1/j9vvik7m1c3gyxp/vg9tssega1vj#p1}}
}
