@book{HistoryAndRecentIncreases,
	Author = {D. Andrew Austin, Mindy R. Levit},
	Year = {2011},
	Date-Modified = {July 1, 2011},
	Title = {The Debt Limit: History and Recent Increases},
	Url = {http://digital.library.unt.edu/ark:/67531/metadc93969/m1/1/high_res_d/RL31967_2011Jul01.pdf},
	note={Available at: \url{http://digital.library.unt.edu/ark:/67531/metadc93969/m1/1/high_res_d/RL31967_2011Jul01.pdf}}
}

@book{BackgroundAndEffects,
	Author = {Mindy R. Levit, Clinton T. Brass, Thomas J. Nicola, Dawn Nuschler},
	Year = {2015},
	Date-Modified = {March 27, 2015},
	Title = {Reaching the Debt Limit: Background and Potential Effects on Government Operations},
	Url = {https://www.fas.org/sgp/crs/misc/R41633.pdf},
	note={Available at: \url{https://www.fas.org/sgp/crs/misc/R41633.pdf}}
}

@book{DebtLimitExplained,
	Author = {C. G. P. Grey},
	Year = {2013},
	Date-Modified = {January 21, 2013},
	Title = {The Debt Limit Explained},
	Url = {http://www.cgpgrey.com/blog/the-debt-limit-explained},
	note={Available at: \url{http://www.cgpgrey.com/blog/the-debt-limit-explained}}
}

@book{TreasuryDeptLimit,
	Author = {U.S. Department Of The Treasury},
	Year = {2015},
	Date-Modified = {December 8, 2015},
	Title = {Debt Limit},
	Url = {https://www.treasury.gov/initiatives/Pages/debtlimit.aspx},
	note={Available at: \url{https://www.treasury.gov/initiatives/Pages/debtlimit.aspx}}
}

@book{CNBCPost,
	Author = {Matthew J. Belvedere for CNBC},
	Year = {2015},
	Date-Modified = {October 19, 2015},
	Title = {Jack Lew: I worry about 'terrible' debt limit accident},
	Url = {http://www.cnbc.com/2015/10/19/lew-i-worry-there-could-be-a-debt-limit-accident-that-could-be-terrible.html},
	note={Available at: \url{http://www.cnbc.com/2015/10/19/lew-i-worry-there-could-be-a-debt-limit-accident-that-could-be-terrible.html}}
}

@book{GAODebtLimit,
	Author = {U.S. Government Accountability Office},
	Year = {2011},
	Date-Modified = {February 22, 2011},
	Title = {DEBT LIMIT: Delays Create Debt Management Challenges and Increase Uncertainty in the Treasury Market},
	Url = {http://www.gao.gov/products/GAO-11-203},
	note={Available at: \url{http://www.gao.gov/products/GAO-11-203}}
}

@book{TreasuryEffect,
	Author = {U.S. Department Of The Treasury},
	Year = {2013},
	Date-Modified = {October, 2013},
	Title = {THE POTENTIAL MACROECONOMIC EFFECT OF DEBT CEILING BRINKMANSHIP},
	Url = {https://www.treasury.gov/initiatives/Documents/POTENTIAL%20MACROECONOMIC%20IMPACT%20OF%20DEBT%20CEILING%20BRINKMANSHIP.pdf},
	note={Available at: \url{https://www.treasury.gov/initiatives/Documents/POTENTIAL%20MACROECONOMIC%20IMPACT%20OF%20DEBT%20CEILING%20BRINKMANSHIP.pdf}}
}

@book{GAOAActionsAndEffect,
	Author = {U.S. Government Accountability Office},
	Year = {2012},
	Date-Modified = {July, 2012},
	Title = {DEBT LIMIT: Analysis of 2011-2012 Actions Taken and Effect of Delayed Increase on Borrowing Costs},
	Url = {http://www.gao.gov/assets/600/592832.pdf},
	note={Available at: \url{http://www.gao.gov/assets/600/592832.pdf}}
}

@book{TheDebtCeilcing,
	Author = {Heidi Przybyla},
	Year = {2015},
	Date-Modified = {October 30, 2015},
	Title = {The Debt Ceiling},
	Url = {http://www.bloombergview.com/quicktake/the-debt-ceiling},
	note={Available at: \url{http://www.bloombergview.com/quicktake/the-debt-ceiling}}
}



