@book{wikipedia,
	Author = {Wikipedia - the free encyclopedia},
	Year = {2015},
	Date-Modified = {November 19, 2015},
	Title = {International Financial Reporting Standards},
	Url = {http://media.leidenuniv.nl/legacy/lisbon-treaty-summaries.pdf},
	note={Available at: \url{https://en.wikipedia.org/wiki/International_Financial_Reporting_Standards}}
}

@book{IRFSvsGAAP,
	Author = {Remi Forgea},
	Year = {2008},
	Date-Modified = {June 16, 2008},
	Title = {Is IFRS That Different From U.S. GAAP?},
	Url = {http://www.ifrs.com/overview/general/differences.html},
	note={Available at: \url{http://www.ifrs.com/overview/general/differences.html}}
}

@book{IRFSLwikiList,
	Author = {Wikipedia - the free encyclopedia},
	Year = {2015},
	Date-Modified = {September 14, 2015},
	Title = {List of International Financial Reporting Standards},
	Url = {https://en.wikipedia.org/wiki/List_of_International_Financial_Reporting_Standards},
	note={Available at: \url{https://en.wikipedia.org/wiki/List_of_International_Financial_Reporting_Standards}}
}

@book{IASBoard,
	Author = {Rebecca Cellucci},
	Year = {2011},
	Title = {The International Accounting Standards Board},
	Url = {http://neumann.edu/academics/divisions/business/journal/review2011/cellucci.pdf},
	note={Available at: \url{http://neumann.edu/academics/divisions/business/journal/review2011/cellucci.pdf}}
}


@book{IASBMembers,
	Author = {IAS Plus},
	Year = {2015},
	Title = {IASB Board membership},
	Url = {http://www.iasplus.com/en/resources/ifrsf/iasb-ifrs-ic/iasb-board},
	note={Available at: \url{http://www.iasplus.com/en/resources/ifrsf/iasb-ifrs-ic/iasb-board}}
}

@book{WhyDoCountriesAdopt,
	Author = {Karthik Ramanna, Ewa Sletten},
	Year = {2009},
	Date-Modified = {March 24, 2009},
	Title = {Why do countries adopt International Financial Reporting Standards?},
	Url = {http://www.hbs.edu/faculty/Publication%20Files/09-102.pdf},
	note={Available at: \url{http://www.hbs.edu/faculty/Publication%20Files/09-102.pdf}}
}

@book{EUCompanyReporting,
	Author = {European Commission},
	Year = {2015},
	Date-Modified = {October 30, 2015},
	Title = {Company Reporting},
	Url = {http://ec.europa.eu/finance/company-reporting/index_en.htm},
	note={Available at: \url{http://ec.europa.eu/finance/company-reporting/index_en.htm}}
}

# http://ec.europa.eu/finance/accounting/ias-evaluation/index_en.htm

@book{PocketGuide,
	Author = {Paul Pacter for the IRFS Foundation},
	Year = {2015},
	Title = {IFRS as global standards: a pocket guide},
	Url = {http://www.ifrs.org/Use-around-the-world/Documents/IFRS-as-global-standards-Pocket-Guide-April-2015.PDF},
	note={Available at: \url{http://www.ifrs.org/Use-around-the-world/Documents/IFRS-as-global-standards-Pocket-Guide-April-2015.PDF}}
}

http://www.ifrs.org/Use-around-the-world/Documents/IFRS-as-global-standards-Pocket-Guide-April-2015.PDF


